<record><leader>00000cas a22000007a 4500</leader><controlfield tag="001">28616323</controlfield><controlfield tag="008">930811d19461959scuwr ne      0    0eng d</controlfield><datafield ind1=" " ind2=" " tag="010"><subfield code="a">sn 93067914 </subfield></datafield><datafield ind1=" " ind2=" " tag="040"><subfield code="a">SVN</subfield><subfield code="b">eng</subfield><subfield code="c">SVN</subfield><subfield code="d">OCLCQ</subfield></datafield><datafield ind1=" " ind2=" " tag="042"><subfield code="a">msc</subfield></datafield><datafield ind1="0" ind2="4" tag="245"><subfield code="a">The Calhoun Falls times.</subfield></datafield><datafield ind1=" " ind2=" " tag="260"><subfield code="a">Calhoun Falls, Abbeville County, S.C. :</subfield><subfield code="b">Jack H. &amp; Bertie Brewster</subfield></datafield><datafield ind1=" " ind2=" " tag="300"><subfield code="a">v.</subfield></datafield><datafield ind1=" " ind2=" " tag="310"><subfield code="a">Weekly</subfield></datafield><datafield ind1="1" ind2=" " tag="362"><subfield code="a">Began in 1946; ceased in 1959?</subfield></datafield><datafield ind1=" " ind2=" " tag="588"><subfield code="a">Description based on: Vol. 9, no. 33 (May 26, 1955).</subfield></datafield><datafield ind1=" " ind2="4" tag="651"><subfield code="a">Abbeville County (S.C.)</subfield><subfield code="v">Newspapers.</subfield></datafield><datafield ind1=" " ind2=" " tag="752"><subfield code="a">United States</subfield><subfield code="b">South Carolina</subfield><subfield code="c">Abbeville</subfield><subfield code="d">Calhoun Falls.</subfield></datafield><datafield ind1="0" ind2="0" tag="785"><subfield code="t">Calhoun Falls news</subfield><subfield code="w">(DLC)sn 93067899</subfield></datafield><datafield ind1="1" ind2=" " tag="029"><subfield code="a">AU@</subfield><subfield code="b">000025895777</subfield></datafield></record>